@misc{Bishop,
    title={Pattern Recognition and Machine Learning},
    author={Christopher M. Bishop}
}

@misc{Tiep,
    title={Machine Learning cơ bản},
    url={https://github.com/tiepvupsu/ebookMLCB},
    author={Tiep Vu Huu}
}

@misc{Marc,
    title={Mathematic for Machine learning},
    url={https://mml-book.github.io/book/mml-book.pdf},
    author={Marc Peter Deisenroth; A. Aldo Faisal; Cheng Soon Ong}
}
